 %{AMS}
 @String{AMSTrans = "American Mathematical Society Translations" }
 @String{AMSTrans = "Amer. Math. Soc. Transl." }
 @String{BullAMS = "Bulletin of the American Mathematical Society" }
 @String{BullAMS = "Bull. Amer. Math. Soc." }
 @String{ProcAMS = "Proceedings of the American Mathematical Society" }
 @String{ProcAMS = "Proc. Amer. Math. Soc." }
 @String{TransAMS = "Transactions of the American Mathematical Society" }
 @String{TransAMS = "Trans. Amer. Math. Soc." }

 %ACM
 @String{CACM = "Communications of the {ACM}" }
 @String{CACM = "Commun. {ACM}" }
 @String{CompServ = "Comput. Surveys" }
 @String{JACM = "J. ACM" }
 @String{ACMMathSoft = "{ACM} Transactions on Mathematical Software" }
 @String{ACMMathSoft = "{ACM} Trans. Math. Software" }
 @String{SIGNUM = "{ACM} {SIGNUM} Newsletter" }
 @String{SIGNUM = "{ACM} {SIGNUM} Newslett." }

 @String{AmerSocio = "American Journal of Sociology" }
 @String{AmerStatAssoc = "Journal of the American Statistical Association" }
 @String{AmerStatAssoc = "J. Amer. Statist. Assoc." }
 @String{ApplMathComp = "Applied Mathematics and Computation" }
 @String{ApplMathComp = "Appl. Math. Comput." }
 @String{AmerMathMonthly = "American Mathematical Monthly" }
 @String{AmerMathMonthly = "Amer. Math. Monthly" }
 @String{BIT = "{BIT}" }
 @String{BritStatPsych = "British Journal of Mathematical and Statistical
          Psychology" }
 @String{BritStatPsych = "Brit. J. Math. Statist. Psych." }
 @String{CanMathBull = "Canadian Mathematical Bulletin" }
 @String{CanMathBull = "Canad. Math. Bull." }
 @String{CompApplMath = "Journal of Computational and Applied Mathematics" }
 @String{CompApplMath = "J. Comput. Appl. Math." }
 @String{CompPhys = "Journal of Computational Physics" }
 @String{CompPhys = "J. Comput. Phys." }
 @String{CompStruct = "Computers and Structures" }
 @String{CompStruct = "Comput. \& Structures" }
 @String{CompJour = "The Computer Journal" }
 @String{CompJour = "Comput. J." }
 @String{CompSysSci = "Journal of Computer and System Sciences" }
 @String{CompSysSci = "J. Comput. System Sci." }
 @String{Computing = "Computing" }
 @String{ContempMath = "Contemporary Mathematics" }
 @String{ContempMath = "Contemp. Math." }
 @String{Crelle = "Crelle's Journal" }
 @String{GiornaleMath = "Giornale di Mathematiche" }
 @String{GiornaleMath = "Giorn. Mat." } % didn't find in AMS MR., ibid.

 %IEEE
 @String{Computer = "{IEEE} Computer" }
 @String{IEEETransComp = "{IEEE} Transactions on Computers" }
 @String{IEEETransComp = "{IEEE} Trans. Comput." }
 @String{IEEETransAC = "{IEEE} Transactions on Automatic Control" }
 @String{IEEETransAC = "{IEEE} Trans. Automat. Control" }
 @String{IEEESpec = "{IEEE} Spectrum" } % didn't find in AMS MR
 @String{ProcIEEE = "Proceedings of the {IEEE}" }
 @String{ProcIEEE = "Proc. {IEEE}" } % didn't find in AMS MR
 @String{IEEETransAeroElec = "{IEEE} Transactions on Aerospace and Electronic
     Systems" }
 @String{IEEETransAeroElec = "{IEEE} Trans. Aerospace Electron. Systems" }

 @String{IMANumerAna = "{IMA} Journal of Numerical Analysis" }
 @String{IMANumerAna = "{IMA} J. Numer. Anal." }
 @String{InfProcLet = "Information Processing Letters" }
 @String{InfProcLet = "Inform. Process. Lett." }
 @String{InstMathApp = "Journal of the Institute of Mathematics and
     its Applications" }
 @String{InstMathApp = "J. Inst. Math. Appl." }
 @String{IntControl = "International Journal of Control" }
 @String{IntControl = "Internat. J. Control" }
 @String{IntNumerEng = "International Journal for Numerical Methods in
     Engineering" }
 @String{IntNumerEng = "Internat. J. Numer. Methods Engrg." }
 @String{IntSuper = "International Journal of Supercomputing Applications" }
 @String{IntSuper = "Internat. J. Supercomputing Applic." } % didn't find
%% in AMS MR
 @String{Kibernetika = "Kibernetika" }
 @String{JResNatBurStand = "Journal of Research of the National Bureau
     of Standards" }
 @String{JResNatBurStand = "J. Res. Nat. Bur. Standards" }
 @String{LinAlgApp = "Linear Algebra and its Applications" }
 @String{LinAlgApp = "Linear Algebra Appl." }
 @String{MathAnaAppl = "Journal of Mathematical Analysis and Applications" }
 @String{MathAnaAppl = "J. Math. Anal. Appl." }
 @String{MathAnnalen = "Mathematische Annalen" }
 @String{MathAnnalen = "Math. Ann." }
 @String{MathPhys = "Journal of Mathematical Physics" }
 @String{MathPhys = "J. Math. Phys." }
 @String{MathComp = "Mathematics of Computation" }
 @String{MathComp = "Math. Comp." }
 @String{MathScand = "Mathematica Scandinavica" }
 @String{MathScand = "Math. Scand." }
 @String{TablesAidsComp = "Mathematical Tables and Other Aids to Computation" }
 @String{TablesAidsComp = "Math. Tables Aids Comput." }
 @String{NumerMath = "Numerische Mathematik" }
 @String{NumerMath = "Numer. Math." }
 @String{PacificMath = "Pacific Journal of Mathematics" }
 @String{PacificMath = "Pacific J. Math." }
 @String{ParDistComp = "Journal of Parallel and Distributed Computing" }
 @String{ParDistComp = "J. Parallel and Distrib. Comput." } % didn't find
%% in AMS MR
 @String{ParComputing = "Parallel Computing" }
 @String{ParComputing = "Parallel Comput." }
 @String{PhilMag = "Philosophical Magazine" }
 @String{PhilMag = "Philos. Mag." }
 @String{ProcNAS = "Proceedings of the National Academy of Sciences
                    of the USA" }
 @String{ProcNAS = "Proc. Nat. Acad. Sci. U. S. A." }
 @String{Psychometrika = "Psychometrika" }
 @String{QuartMath = "Quarterly Journal of Mathematics, Oxford, Series (2)" }
 @String{QuartMath = "Quart. J. Math. Oxford Ser. (2)" }
 @String{QuartApplMath = "Quarterly of Applied Mathematics" }
 @String{QuartApplMath = "Quart. Appl. Math." }
 @String{RevueInstStat = "Review of the International Statisical Institute" }
 @String{RevueInstStat = "Rev. Inst. Internat. Statist." }

 %SIAM
 @String{JSIAM = "Journal of the Society for Industrial and Applied
     Mathematics" }
 @String{JSIAM = "J. Soc. Indust. Appl. Math." }
 @String{JSIAMB = "Journal of the Society for Industrial and Applied
     Mathematics, Series B, Numerical Analysis" }
 @String{JSIAMB = "J. Soc. Indust. Appl. Math. Ser. B Numer. Anal." }
 @String{SIAMAlgMeth = "{SIAM} Journal on Algebraic and Discrete Methods" }
 @String{SIAMAlgMeth = "{SIAM} J. Algebraic Discrete Methods" }
 @String{SIAMAppMath = "{SIAM} Journal on Applied Mathematics" }
 @String{SIAMAppMath = "{SIAM} J. Appl. Math." }
 @String{SIAMComp = "{SIAM} Journal on Computing" }
 @String{SIAMComp = "{SIAM} J. Comput." }
 @String{SIAMMatrix = "{SIAM} Journal on Matrix Analysis and Applications" }
 @String{SIAMMatrix = "{SIAM} J. Matrix Anal. Appl." }
 @String{SIAMNumAnal = "{SIAM} Journal on Numerical Analysis" }
 @String{SIAMNumAnal = "{SIAM} J. Numer. Anal." }
 @String{SIAMReview = "{SIAM} Review" }
 @String{SIAMReview = "{SIAM} Rev." }
 @String{SIAMSciStat = "{SIAM} Journal on Scientific and Statistical
     Computing" }
 @String{SIAMSciStat = "{SIAM} J. Sci. Statist. Comput." }

 @String{SoftPracExp = "Software Practice and Experience" }
 @String{SoftPracExp = "Software Prac. Experience" } % didn't find in AMS MR
 @String{StatScience = "Statistical Science" }
 @String{StatScience = "Statist. Sci." }
 @String{Techno = "Technometrics" }
 @String{USSRCompMathPhys = "{USSR} Computational Mathematics and Mathematical
     Physics" }
 @String{USSRCompMathPhys = "{U. S. S. R.} Comput. Math. and Math. Phys." }
 @String{VLSICompSys = "Journal of {VLSI} and Computer Systems" }
 @String{VLSICompSys = "J. {VLSI} Comput. Syst." }
 @String{ZAngewMathMech = "Zeitschrift fur Angewandte Mathematik und
     Mechanik" }
 @String{ZAngewMathMech = "Z. Angew. Math. Mech." }
 @String{ZAngewMathPhys = "Zeitschrift fur Angewandte Mathematik und Physik" }
 @String{ZAngewMathPhys = "Z. Angew. Math. Phys." }

% Publishers % ================================================= |

 @String{Academic = "Academic Press" }
 @String{ACMPress = "{ACM} Press" }
 @String{AdamHilger = "Adam Hilger" }
 @String{AddisonWesley = "Addison-Wesley" }
 @String{AllynBacon = "Allyn and Bacon" }
 @String{AMS = "American Mathematical Society" }
 @String{Birkhauser = "Birkha{\"u}ser" }
 @String{CambridgePress = "Cambridge University Press" }
 @String{Chelsea = "Chelsea" }
 @String{ClaredonPress = "Claredon Press" }
 @String{DoverPub = "Dover Publications" }
 @String{Eyolles = "Eyolles" }
 @String{HoltRinehartWinston = "Holt, Rinehart and Winston" }
 @String{Interscience = "Interscience" }
 @String{JohnsHopkinsPress = "The Johns Hopkins University Press" }
 @String{JohnWileySons = "John Wiley and Sons" }
 @String{Macmillan = "Macmillan" }
 @String{MathWorks = "The Math Works Inc." }
 @String{McGrawHill = "McGraw-Hill" }
 @String{NatBurStd = "National Bureau of Standards" }
 @String{NorthHolland = "North-Holland" }
 @String{OxfordPress = "Oxford University Press" }  %address Oxford or London?
 @String{PergamonPress = "Pergamon Press" }
 @String{PlenumPress = "Plenum Press" }
 @String{PrenticeHall = "Prentice-Hall" }
 @String{SIAMPub = "{SIAM} Publications" }
 @String{Springer = "Springer-Verlag" }
 @String{TexasPress = "University of Texas Press" }
 @String{VanNostrand = "Van Nostrand" }
 @String{WHFreeman = "W. H. Freeman and Co." }

%Entries

%% Introduction

@article{bosch2021engineering,
  title={Engineering AI systems: A research agenda},
  author={Bosch, Jan and Olsson, Helena Holmstr{\"o}m and Crnkovic, Ivica},
  journal={Artificial Intelligence Paradigms for Smart Cyber-Physical Systems},
  pages={1--19},
  year={2021},
  publisher={IGI global}
}

@article{sharma2021systematic,
  title={A systematic review of applications of machine learning in cancer prediction and diagnosis},
  author={Sharma, Aman and Rani, Rinkle},
  journal={Archives of Computational Methods in Engineering},
  volume={28},
  number={7},
  pages={4875--4896},
  year={2021},
  publisher={Springer}
}

@article{ghoddusi2019machine,
  title={Machine learning in energy economics and finance: A review},
  author={Ghoddusi, Hamed and Creamer, Germ{\'a}n G and Rafizadeh, Nima},
  journal={Energy Economics},
  volume={81},
  pages={709--727},
  year={2019},
  publisher={Elsevier}
}

@ARTICLE{9505674,
  author={Bhat, Showkat Ahmad and Huang, Nen-Fu},
  journal={IEEE Access}, 
  title={Big Data and AI Revolution in Precision Agriculture: Survey and Challenges}, 
  year={2021},
  volume={9},
  number={},
  pages={110209-110222},
  doi={10.1109/ACCESS.2021.3102227}}

@article{jan2022artificial,
  title={Artificial Intelligence for Industry 4.0: Systematic Review of Applications, Challenges, and Opportunities},
  author={Jan, Zohaib and Ahamed, Farhad and Mayer, Wolfgang and Patel, Niki and Grossmann, Georg and Stumptner, Markus and Kuusk, Ana},
  journal={Expert Systems with Applications},
  pages={119456},
  year={2022},
  publisher={Elsevier}
}

@INPROCEEDINGS{8498185,
  author={Arpteg, Anders and Brinne, Björn and Crnkovic-Friis, Luka and Bosch, Jan},
  booktitle={2018 44th Euromicro Conference on Software Engineering and Advanced Applications (SEAA)}, 
  title={Software Engineering Challenges of Deep Learning}, 
  year={2018},
  volume={},
  number={},
  pages={50-59},
  doi={10.1109/SEAA.2018.00018}}

@inproceedings{lwakatare2019taxonomy,
  title={A taxonomy of software engineering challenges for machine learning systems: An empirical investigation},
  author={Lwakatare, Lucy Ellen and Raj, Aiswarya and Bosch, Jan and Olsson, Helena Holmstr{\"o}m and Crnkovic, Ivica},
  booktitle={Agile Processes in Software Engineering and Extreme Programming: 20th International Conference, XP 2019, Montr{\'e}al, QC, Canada, May 21--25, 2019, Proceedings 20},
  pages={227--243},
  year={2019},
  organization={Springer International Publishing}
}
@inproceedings{amershi2019software,
  title={Software engineering for machine learning: A case study},
  author={Amershi, Saleema and Begel, Andrew and Bird, Christian and DeLine, Robert and Gall, Harald and Kamar, Ece and Nagappan, Nachiappan and Nushi, Besmira and Zimmermann, Thomas},
  booktitle={2019 IEEE/ACM 41st International Conference on Software Engineering: Software Engineering in Practice (ICSE-SEIP)},
  pages={291--300},
  year={2019},
  organization={IEEE}
}

@article{giray2021software,
  title={A software engineering perspective on engineering machine learning systems: State of the art and challenges},
  author={Giray, G{\"o}rkem},
  journal={Journal of Systems and Software},
  volume={180},
  pages={111031},
  year={2021},
  publisher={Elsevier}
}

@inproceedings{soifer2019deep,
  title={Deep Learning Inference Service at Microsoft.},
  author={Soifer, Jonathan and Li, Jason and Li, Mingqin and Zhu, Jeffrey and Li, Yingnan and He, Yuxiong and Zheng, Elton and Oltean, Adi and Mosyak, Maya and Barnes, Chris and others},
  booktitle={OpML},
  pages={15--17},
  year={2019}
}
%%%%% Background and related work
@article{shankar2022operationalizing,
  title={Operationalizing machine learning: An interview study},
  author={Shankar, Shreya and Garcia, Rolando and Hellerstein, Joseph M and Parameswaran, Aditya G},
  journal={arXiv preprint arXiv:2209.09125},
  year={2022}
}

@inproceedings{Hazelwood-FB,
  author={Hazelwood, Kim and Bird, Sarah and Brooks, David and Chintala, Soumith and Diril, Utku and Dzhulgakov, Dmytro and Fawzy, Mohamed and Jia, Bill and Jia, Yangqing and Kalro, Aditya and Law, James and Lee, Kevin and Lu, Jason and Noordhuis, Pieter and Smelyanskiy, Misha and Xiong, Liang and Wang, Xiaodong},
  booktitle={2018 IEEE International Symposium on High Performance Computer Architecture (HPCA)}, 
  title={Applied Machine Learning at Facebook: A Datacenter Infrastructure Perspective}, 
  year={2018},
  volume={},
  number={},
  pages={620-629},
  doi={10.1109/HPCA.2018.00059}}

@inproceedings{Chen,
author = {Chen, Zhenpeng and Cao, Yanbin and Liu, Yuanqiang and Wang, Haoyu and Xie, Tao and Liu, Xuanzhe},
title = {A Comprehensive Study on Challenges in Deploying Deep Learning Based Software},
year = {2020},
isbn = {9781450370431},
publisher = {Association for Computing Machinery},
address = {New York, NY, USA},
url = {https://doi.org/10.1145/3368089.3409759},
doi = {10.1145/3368089.3409759},
booktitle = {Proceedings of the 28th ACM Joint Meeting on European Software Engineering Conference and Symposium on the Foundations of Software Engineering},
pages = {750–762},
numpages = {13},
keywords = {Stack Overflow, deep learning, software deployment},
location = {Virtual Event, USA},
series = {ESEC/FSE 2020}
}

@INPROCEEDINGS{Boroumand,
  author={Boroumand, Amirali and Ghose, Saugata and Akin, Berkin and Narayanaswami, Ravi and Oliveira, Geraldo F. and Ma, Xiaoyu and Shiu, Eric and Mutlu, Onur},
  booktitle={2021 30th International Conference on Parallel Architectures and Compilation Techniques (PACT)}, 
  title={Google Neural Network Models for Edge Devices: Analyzing and Mitigating Machine Learning Inference Bottlenecks}, 
  year={2021},
  volume={},
  number={},
  pages={159-172},
  doi={10.1109/PACT52795.2021.00019}}

@misc{Park,
  doi = {10.48550/ARXIV.1811.09886},
  url = {https://arxiv.org/abs/1811.09886},
  author = {Park, Jongsoo and Naumov, Maxim and Basu, Protonu and Deng, Summer and Kalaiah, Aravind and Khudia, Daya and Law, James and Malani, Parth and Malevich, Andrey and Nadathur, Satish and Pino, Juan and Schatz, Martin and Sidorov, Alexander and Sivakumar, Viswanath and Tulloch, Andrew and Wang, Xiaodong and Wu, Yiming and Yuen, Hector and Diril, Utku and Dzhulgakov, Dmytro and Hazelwood, Kim and Jia, Bill and Jia, Yangqing and Qiao, Lin and Rao, Vijay and Rotem, Nadav and Yoo, Sungjoo and Smelyanskiy, Mikhail},
  title = {Deep Learning Inference in Facebook Data Centers: Characterization, Performance Optimizations and Hardware Implications},
  publisher = {arXiv},
  year = {2018},
  copyright = {arXiv.org perpetual, non-exclusive license}
}


@inproceedings{Ma,
author = {Ma, Yun and Xiang, Dongwei and Zheng, Shuyu and Tian, Deyu and Liu, Xuanzhe},
title = {Moving Deep Learning into Web Browser: How Far Can We Go?},
year = {2019},
isbn = {9781450366748},
publisher = {Association for Computing Machinery},
address = {New York, NY, USA},
url = {https://doi.org/10.1145/3308558.3313639},
doi = {10.1145/3308558.3313639},
booktitle = {The World Wide Web Conference},
pages = {1234–1244},
numpages = {11},
keywords = {Web browser, Deep learning, Web applications, Measurement},
location = {San Francisco, CA, USA},
series = {WWW '19}
}

@article{Goh,
Author = {Goh, Hock-Ann and Ho, Chin-Kuan and Abas, Fazly Salleh},
Doi = {10.1007/s10489-022-04278-6},
Id = {Goh2022},
Isbn = {1573-7497},
Journal = {Applied Intelligence},
Title = {Front-end deep learning web apps development and deployment: a review},
Ty = {JOUR},
Url = {https://doi.org/10.1007/s10489-022-04278-6},
Year = {2022},
Bdsk-Url-1 = {https://doi.org/10.1007/s10489-022-04278-6},
Bdsk-Url-2 = {http://dx.doi.org/10.1007/s10489-022-04278-6}}

@inproceedings{garg2021continuous,
  title={On continuous integration/continuous delivery for automated deployment of machine learning models using mlops},
  author={Garg, Satvik and Pundir, Pradyumn and Rathee, Geetanjali and Gupta, PK and Garg, Somya and Ahlawat, Saransh},
  booktitle={2021 IEEE fourth international conference on artificial intelligence and knowledge engineering (AIKE)},
  pages={25--28},
  year={2021},
  organization={IEEE}
}

@inproceedings{openja,
author = {Openja, Moses and Majidi, Forough and Khomh, Foutse and Chembakottu, Bhagya and Li, Heng},
title = {Studying the Practices of Deploying Machine Learning Projects on Docker},
year = {2022},
isbn = {9781450396134},
publisher = {Association for Computing Machinery},
address = {New York, NY, USA},
url = {https://doi.org/10.1145/3530019.3530039},
doi = {10.1145/3530019.3530039},
booktitle = {Proceedings of the 26th International Conference on Evaluation and Assessment in Software Engineering},
pages = {190–200},
numpages = {11},
keywords = {Deployment, Docker, Deep Neural Network, Machine Learning},
location = {Gothenburg, Sweden},
series = {EASE '22}
}

@inproceedings{Wu-FB-edge,
 author={Wu, Carole-Jean and Brooks, David and Chen, Kevin and Chen, Douglas and Choudhury, Sy and Dukhan, Marat and Hazelwood, Kim and Isaac, Eldad and Jia, Yangqing and Jia, Bill and Leyvand, Tommer and Lu, Hao and Lu, Yang and Qiao, Lin and Reagen, Brandon and Spisak, Joe and Sun, Fei and Tulloch, Andrew and Vajda, Peter and Wang, Xiaodong and Wang, Yanghan and Wasti, Bram and Wu, Yiming and Xian, Ran and Yoo, Sungjoo and Zhang, Peizhao},
  booktitle={2019 IEEE International Symposium on High Performance Computer Architecture (HPCA)}, 
  title={Machine Learning at Facebook: Understanding Inference at the Edge}, 
  year={2019},
  volume={},
  number={},
  pages={331-344},
  doi={10.1109/HPCA.2019.00048}}

@inproceedings{Nigenda,
author = {Nigenda, David and Karnin, Zohar and Zafar, Muhammad Bilal and Ramesha, Raghu and Tan, Alan and Donini, Michele and Kenthapadi, Krishnaram},
title = {Amazon SageMaker Model Monitor: A System for Real-Time Insights into Deployed Machine Learning Models},
year = {2022},
isbn = {9781450393850},
publisher = {Association for Computing Machinery},
address = {New York, NY, USA},
url = {https://doi.org/10.1145/3534678.3539145},
doi = {10.1145/3534678.3539145},
booktitle = {Proceedings of the 28th ACM SIGKDD Conference on Knowledge Discovery and Data Mining},
pages = {3671–3681},
numpages = {11},
keywords = {bias \& fairness in ML, drift detection, amazon sagemaker, real-time model monitoring, MLOps, feature attribution},
location = {Washington DC, USA},
series = {KDD '22}
}

%%%% Related work

@INPROCEEDINGS{washizaki,
  author={Washizaki, Hironori and Uchida, Hiromu and Khomh, Foutse and Guéhéneuc, Yann-Gaël},
  booktitle={2019 10th International Workshop on Empirical Software Engineering in Practice (IWESEP)}, 
  title={Studying Software Engineering Patterns for Designing Machine Learning Systems}, 
  year={2019},
  volume={},
  number={},
  pages={49-495},
  doi={10.1109/IWESEP49350.2019.00017}}

@inproceedings{serban,
author = {Serban, Alex and van der Blom, Koen and Hoos, Holger and Visser, Joost},
title = {Adoption and Effects of Software Engineering Best Practices in Machine Learning},
year = {2020},
isbn = {9781450375801},
publisher = {Association for Computing Machinery},
address = {New York, NY, USA},
url = {https://doi.org/10.1145/3382494.3410681},
doi = {10.1145/3382494.3410681},
booktitle = {Proceedings of the 14th ACM / IEEE International Symposium on Empirical Software Engineering and Measurement (ESEM)},
articleno = {3},
numpages = {12},
keywords = {machine learning engineering, best practices, survey},
location = {Bari, Italy},
series = {ESEM '20}
}

@article{Lo,
title = {Architectural patterns for the design of federated learning systems},
journal = {Journal of Systems and Software},
volume = {191},
pages = {111357},
year = {2022},
issn = {0164-1212},
doi = {https://doi.org/10.1016/j.jss.2022.111357},
url = {https://www.sciencedirect.com/science/article/pii/S0164121222000899},
author = {Sin Kit Lo and Qinghua Lu and Liming Zhu and Hye-Young Paik and Xiwei Xu and Chen Wang}
}

@book{lakshmanan2020machine,
  title={Machine learning design patterns},
  author={Lakshmanan, Valliappa and Robinson, Sara and Munn, Michael},
  year={2020},
  publisher={O'Reilly Media}
}

@inproceedings{take,
  title={Software Design Patterns for AI-Systems.},
  author={Take, Marius and Alpers, Sascha and Becker, Christoph and Schreiber, Clemens and Oberweis, Andreas},
  booktitle={EMISA},
  pages={30--35},
  year={2021}
}

@article{heiland2023design,
  title={Design Patterns for AI-based Systems: A Multivocal Literature Review and Pattern Repository},
  author={Heiland, Lukas and Hauser, Marius and Bogner, Justus},
  journal={arXiv preprint arXiv:2303.13173},
  year={2023}
}
@Inbook{Alla2021,
author="Alla, Sridhar
and Adari, Suman Kalyan",
title="What Is MLOps?",
bookTitle="Beginning MLOps with MLFlow: Deploy Models in AWS SageMaker, Google Cloud, and Microsoft Azure",
year="2021",
publisher="Apress",
address="Berkeley, CA",
pages="79--124",
abstract="In this chapter, we will cover the concepts behind the term ``MLOps'' and go over what it is, why it's useful, and how it's implemented.",
isbn="978-1-4842-6549-9",
doi="10.1007/978-1-4842-6549-9_3",
url="https://doi.org/10.1007/978-1-4842-6549-9_3"
}

@article{ozkaya2020really,
  title={What is really different in engineering AI-enabled systems?},
  author={Ozkaya, Ipek},
  journal={IEEE Software},
  volume={37},
  number={4},
  pages={3--6},
  year={2020},
  publisher={IEEE}
}

@article{paleyes2022challenges,
  title={Challenges in deploying machine learning: a survey of case studies},
  author={Paleyes, Andrei and Urma, Raoul-Gabriel and Lawrence, Neil D},
  journal={ACM Computing Surveys},
  volume={55},
  number={6},
  pages={1--29},
  year={2022},
  publisher={ACM New York, NY}
}

@article{hemon2020agile,
  title={From Agile to DevOps: Smart skills and collaborations},
  author={Hemon, Aymeric and Lyonnet, Barbara and Rowe, Frantz and Fitzgerald, Brian},
  journal={Information Systems Frontiers},
  volume={22},
  pages={927--945},
  year={2020},
  publisher={Springer}
}

@article{leite2019survey,
  title={A survey of DevOps concepts and challenges},
  author={Leite, Leonardo and Rocha, Carla and Kon, Fabio and Milojicic, Dejan and Meirelles, Paulo},
  journal={ACM Computing Surveys (CSUR)},
  volume={52},
  number={6},
  pages={1--35},
  year={2019},
  publisher={ACM New York, NY, USA}
}

@inproceedings{kolltveit2022operationalizing,
  title={Operationalizing machine learning models: a systematic literature review},
  author={Kolltveit, Ask Berstad and Li, Jingyue},
  booktitle={Proceedings of the 1st Workshop on Software Engineering for Responsible AI},
  pages={1--8},
  year={2022}
}

@inproceedings{kolltveit2022operationalizing,
  title={Operationalizing machine learning models: a systematic literature review},
  author={Kolltveit, Ask Berstad and Li, Jingyue},
  booktitle={Proceedings of the 1st Workshop on Software Engineering for Responsible AI},
  pages={1--8},
  year={2022}
}

@article{heymann2022guideline,
  title={Guideline for deployment of machine learning models for predictive quality in production},
  author={Heymann, Henrik and Kies, Alexander D and Frye, Maik and Schmitt, Robert H and Boza, Andr{\'e}s},
  journal={Procedia CIRP},
  volume={107},
  pages={815--820},
  year={2022},
  publisher={Elsevier}
}

@inproceedings{lwakatare2020devops,
  title={DevOps for AI--Challenges in Development of AI-enabled Applications},
  author={Lwakatare, Lucy Ellen and Crnkovic, Ivica and Bosch, Jan},
  booktitle={2020 International Conference on Software, Telecommunications and Computer Networks (SoftCOM)},
  pages={1--6},
  year={2020},
  organization={IEEE}
}

@inproceedings{baier2019challenges,
  title={Challenges in the Deployment and Operation of Machine Learning in Practice.},
  author={Baier, Lucas and J{\"o}hren, Fabian and Seebacher, Stefan},
  booktitle={ECIS},
  volume={1},
  year={2019}
}

@article{giray2021software,
  title={A software engineering perspective on engineering machine learning systems: State of the art and challenges},
  author={Giray, G{\"o}rkem},
  journal={Journal of Systems and Software},
  volume={180},
  pages={111031},
  year={2021},
  publisher={Elsevier}
}

@article{martinez2022software,
  title={Software engineering for AI-based systems: a survey},
  author={Mart{\'\i}nez-Fern{\'a}ndez, Silverio and Bogner, Justus and Franch, Xavier and Oriol, Marc and Siebert, Julien and Trendowicz, Adam and Vollmer, Anna Maria and Wagner, Stefan},
  journal={ACM Transactions on Software Engineering and Methodology (TOSEM)},
  volume={31},
  number={2},
  pages={1--59},
  year={2022},
  publisher={ACM New York, NY}
}

%%%%%%%% Methodology
@incollection{easterbrook2008selecting,
  title={Selecting empirical methods for software engineering research},
  author={Easterbrook, Steve and Singer, Janice and Storey, Margaret-Anne and Damian, Daniela},
  booktitle={Guide to advanced empirical software engineering},
  pages={285--311},
  year={2008},
  publisher={Springer}
}

@book{yin2009case,
  title={Case study research: Design and methods},
  author={Yin, Robert K},
  volume={5},
  year={2009},
  publisher={sage}
}

@article{runeson2009guidelines,
  title={Guidelines for conducting and reporting case study research in software engineering},
  author={Runeson, Per and H{\"o}st, Martin},
  journal={Empirical software engineering},
  volume={14},
  number={2},
  pages={131--164},
  year={2009},
  publisher={Springer}
}

@article{muiruri2022practices,
  title={Practices and Infrastructures for Machine Learning Systems: An Interview Study in Finnish Organizations},
  author={Muiruri, Dennis and Lwakatare, Lucy Ellen and Nurminen, Jukka K and Mikkonen, Tommi},
  journal={Computer},
  volume={55},
  number={6},
  pages={18--29},
  year={2022},
  publisher={IEEE}
}

@article{webster2002analyzing,
  title={Analyzing the past to prepare for the future: Writing a literature review},
  author={Webster, Jane and Watson, Richard T},
  journal={MIS quarterly},
  pages={xiii--xxiii},
  year={2002},
  publisher={JSTOR}
}

@article{seaman1999qualitative,
  title={Qualitative methods in empirical studies of software engineering},
  author={Seaman, Carolyn B.},
  journal={IEEE Transactions on software engineering},
  volume={25},
  number={4},
  pages={557--572},
  year={1999},
  publisher={IEEE}
}